<?xml version="1.0" encoding="UTF-8" standalone="yes"?>
<messageType xmlns:head="urn:iso:std:iso:20022:tech:xsd:head.001.001.01" xmlns="urn:bcsis" xmlns:ct="urn:iso:std:iso:20022:tech:xsd:pacs.008.001.02" xmlns:ns8="urn:iso:std:iso:20022:tech:xsd:camt.105.001.02" xmlns:ps="urn:iso:std:iso:20022:tech:xsd:pacs.002.001.03" xmlns:pc="urn:iso:std:iso:20022:tech:xsd:camt.056.001.01" xmlns:ns7="urn:iso:std:iso:20022:tech:xsd:pacs.004.001.12" xmlns:ns9="urn:iso:std:iso:20022:tech:xsd:camt.111.001.01" xmlns:ns11="urn:iso:std:iso:20022:tech:xsd:pacs.009.001.11" xmlns:ri="urn:iso:std:iso:20022:tech:xsd:camt.029.001.03" xmlns:ns10="urn:iso:std:iso:20022:tech:xsd:pain.002.001.10">
    <AppHdr>
        <head:Fr>
            <head:FIId>
                <head:FinInstnId>
                    <head:ClrSysMmbId>
                        <head:MmbId>NEOBNKSGXXX</head:MmbId>
                    </head:ClrSysMmbId>
                </head:FinInstnId>
            </head:FIId>
        </head:Fr>
        <head:To>
            <head:FIId>
                <head:FinInstnId>
                    <head:ClrSysMmbId>
                        <head:MmbId>CHASSUSXXX</head:MmbId>
                    </head:ClrSysMmbId>
                </head:FinInstnId>
            </head:FIId>
        </head:To>
        <head:BizMsgIdr>B0000002</head:BizMsgIdr>
        <head:MsgDefIdr>pacs.008.001.02</head:MsgDefIdr>
        <head:CreDt>2024-11-27T21:17:04Z</head:CreDt>
    </AppHdr>
    <CreditTransfer>
        <ct:FIToFICstmrCdtTrf>
            <ct:GrpHdr>
                <ct:MsgId>MB_REF_20241128T051430</ct:MsgId>
                <ct:NbOfTxs>1</ct:NbOfTxs>
                <ct:TtlIntrBkSttlmAmt Ccy="USD">6000.00</ct:TtlIntrBkSttlmAmt>
                <ct:SttlmInf>
                    <ct:ClrSys/>
                </ct:SttlmInf>
            </ct:GrpHdr>
            <ct:CdtTrfTxInf>
                <ct:PmtId>
                    <ct:InstrId>CROSS_BORDER_REF_20241128T051430</ct:InstrId>
                    <ct:EndToEndId>NEOBANK_SG_TT_OUT-20241128-129328739</ct:EndToEndId>
                    <ct:TxId>NEOBANK_SG_TT_OUT-20241128-129328739</ct:TxId>
                </ct:PmtId>
                <ct:PmtTpInf>
                    <ct:SvcLvl/>
                </ct:PmtTpInf>
                <ct:IntrBkSttlmAmt Ccy="USD">6000.00</ct:IntrBkSttlmAmt>
                <ct:InstgAgt>
                    <ct:FinInstnId>
                        <ct:ClrSysMmbId/>
                    </ct:FinInstnId>
                </ct:InstgAgt>
                <ct:InstdAgt>
                    <ct:FinInstnId>
                        <ct:ClrSysMmbId/>
                    </ct:FinInstnId>
                </ct:InstdAgt>
                <ct:Dbtr>
                    <ct:Nm>APPLICANT_0062</ct:Nm>
                </ct:Dbtr>
                <ct:DbtrAcct>
                    <ct:Id>
                        <ct:Othr>
                            <ct:Id>APPLICANT_ACT_0062</ct:Id>
                            <ct:SchmeNm>
                                <ct:Cd>APPLICANT_0062</ct:Cd>
                            </ct:SchmeNm>
                        </ct:Othr>
                    </ct:Id>
                    <ct:Ccy>SGD</ct:Ccy>
                </ct:DbtrAcct>
                <ct:DbtrAgt>
                    <ct:FinInstnId>
                        <ct:ClrSysMmbId>
                            <ct:MmbId>APPLICANT_ACT_0062</ct:MmbId>
                        </ct:ClrSysMmbId>
                    </ct:FinInstnId>
                </ct:DbtrAgt>
                <ct:CdtrAgt>
                    <ct:FinInstnId>
                        <ct:ClrSysMmbId>
                            <ct:MmbId>BENE_ACT_0062</ct:MmbId>
                        </ct:ClrSysMmbId>
                    </ct:FinInstnId>
                </ct:CdtrAgt>
                <ct:Cdtr>
                    <ct:Nm>BENEFICIARY_0062</ct:Nm>
                    <ct:CtctDtls/>
                </ct:Cdtr>
                <ct:CdtrAcct>
                    <ct:Id>
                        <ct:Othr>
                            <ct:Id>BENE_ACT_0062</ct:Id>
                            <ct:SchmeNm>
                                <ct:Cd>MBBEUS33</ct:Cd>
                            </ct:SchmeNm>
                        </ct:Othr>
                    </ct:Id>
                    <ct:Ccy>USD</ct:Ccy>
                </ct:CdtrAcct>
                <ct:UltmtCdtr>
                    <ct:Id>
                        <ct:OrgId/>
                    </ct:Id>
                    <ct:CtctDtls/>
                </ct:UltmtCdtr>
                <ct:Purp/>
            </ct:CdtTrfTxInf>
        </ct:FIToFICstmrCdtTrf>
    </CreditTransfer>
</messageType>
